@booklet{gum,
	author = {Joint Committee for Guides in Metrology},
	title = {Evaluation of measurement data — Guide to the expression of uncertainty in measurement},
	month = {9},
	year = {2008},
}

@unpublished{wwu,
	author = {Author unknown},
	title = {Ein Detektor für kosmische Strahlung},
	note = {Instruction manual, handed out at WWU Münster},
}

@online{landau, 
	author  = {C. Niebuhr}, 
	title   = {Vorlesung 5}, 
	date    = {June 2008},
	url     = {http://www.desy.de/~niebuhr/Vorlesung/Hannover/Vorlesung5.pdf}, 
	urldate = {2019-11-27}, 
}