@booklet{gum,
	author = {Joint Committee for Guides in Metrology},
	title = {Evaluation of measurement data — Guide to the expression of uncertainty in measurement},
	month = {9},
	year = {2008},
}

@book{schatz,
	title = {Nukleare Festkörperphysik},
	author = {G. Schatz, A. Weidinger},
	publisher = {Teubner},
	year = {1985},
}

@unpublished{wwu,
	author = {Autor unbekannt},
	title = {Der Mößbauer-Effekt},
	note = {Versuchsanleitung, ausgehändigt an der WWU Münster},
}